<collection xmlns="http://www.loc.gov/MARC21/slim">
<record>
  <leader>01522nam0a2200301 i 450 </leader>
  <controlfield tag="001">IT\ICCU\CNCE\007237</controlfield>
  <controlfield tag="005">20150317000000.0</controlfield>
  <datafield tag="012" ind1=" " ind2=" ">
    <subfield code="a">i.ri o.co e.e. laSp (C) 1554 (Q)</subfield>
    <subfield code="2">fei</subfield>
  </datafield>
  <datafield tag="100" ind1=" " ind2=" ">
    <subfield code="a">19970101f15541580    0itac0103    ba</subfield>
  </datafield>
  <datafield tag="101" ind1=" " ind2=" ">
    <subfield code="a">ITA</subfield>
  </datafield>
  <datafield tag="102" ind1=" " ind2=" ">
    <subfield code="a">IT</subfield>
  </datafield>
  <datafield tag="200" ind1="1" ind2=" ">
    <subfield code="a">℗Il ℗paradiso terreno di Gieronimo Bossi</subfield>
  </datafield>
  <datafield tag="210" ind1=" " ind2=" ">
    <subfield code="a">In Milano</subfield>
    <subfield code="c">\Giovanni Battista Da Ponte</subfield>
    <subfield code="d">tra il 1554 e il 1580!</subfield>
  </datafield>
  <datafield tag="215" ind1=" " ind2=" ">
    <subfield code="a">\28! c.</subfield>
    <subfield code="d">8ʻ</subfield>
  </datafield>
  <datafield tag="300" ind1=" " ind2=" ">
    <subfield code="a">Data ricavata dall&apos;attivit ̉del tipografo</subfield>
  </datafield>
  <datafield tag="620" ind1=" " ind2=" ">
    <subfield code="a">IT</subfield>
    <subfield code="d">Milano</subfield>
  </datafield>
  <datafield tag="700" ind1=" " ind2="1">
    <subfield code="a">Bossi,</subfield>
    <subfield code="b">Girolamo</subfield>
    <subfield code="3">IT\ICCU\CNCA\001947</subfield>
  </datafield>
  <datafield tag="712" ind1="0" ind2="0">
    <subfield code="a">Da_Ponte, Giovanni Battista</subfield>
    <subfield code="3">IT\ICCU\CNCT\000280</subfield>
    <subfield code="4">650</subfield>
  </datafield>
  <datafield tag="790" ind1=" " ind2="1">
    <subfield code="a">Bosso,</subfield>
    <subfield code="b">Girolamo</subfield>
    <subfield code="3">IT\ICCU\CNCA\012880</subfield>
    <subfield code="z">Bossi, Girolamo</subfield>
  </datafield>
  <datafield tag="791" ind1="0" ind2="0">
    <subfield code="a">Ponte, Giovanni Battista da</subfield>
    <subfield code="3">IT\ICCU\CNCT\003705</subfield>
    <subfield code="z">Da_Ponte, Giovanni Battista</subfield>
  </datafield>
  <datafield tag="791" ind1="0" ind2="0">
    <subfield code="a">Pontius, Ioannes Baptista</subfield>
    <subfield code="3">IT\ICCU\CNCT\003706</subfield>
    <subfield code="z">Da_Ponte, Giovanni Battista</subfield>
  </datafield>
  <datafield tag="791" ind1="0" ind2="0">
    <subfield code="a">Pontio, Giovanni Battista</subfield>
    <subfield code="3">IT\ICCU\CNCT\004484</subfield>
    <subfield code="z">Da_Ponte, Giovanni Battista</subfield>
  </datafield>
  <datafield tag="791" ind1="0" ind2="0">
    <subfield code="a">Ponti, Giovan Battista de</subfield>
    <subfield code="3">IT\ICCU\CNCT\004485</subfield>
    <subfield code="z">Da_Ponte, Giovanni Battista</subfield>
  </datafield>
  <datafield tag="791" ind1="0" ind2="0">
    <subfield code="a">Ponzio, Giovanni Battista</subfield>
    <subfield code="3">IT\ICCU\CNCT\004486</subfield>
    <subfield code="z">Da_Ponte, Giovanni Battista</subfield>
  </datafield>
  <datafield tag="801" ind1=" " ind2="3">
    <subfield code="a">IT</subfield>
    <subfield code="b">ICCU</subfield>
    <subfield code="c">20201113</subfield>
  </datafield>
  <datafield tag="899" ind1=" " ind2=" ">
    <subfield code="a">Biblioteca comunale. Trento</subfield>
    <subfield code="1">TN0121</subfield>
    <subfield code="2">ZTN 01</subfield>
  </datafield>
  <datafield tag="911" ind1=" " ind2=" ">
    <subfield code="a">nel front.</subfield>
    <subfield code="9">IT\ICCU\CNCM\000332</subfield>
  </datafield>
  <datafield tag="921" ind1=" " ind2=" ">
    <subfield code="a">IT\ICCU\CNCM\000332</subfield>
    <subfield code="b">Fortezza (donna in piedi tiene sotto il braccio destro una colonna spezzata). In cornice ovale.</subfield>
    <subfield code="e">Fortitudo mea dominus.</subfield>
    <subfield code="c">Q18</subfield>
    <subfield code="c">Z566</subfield>
    <subfield code="d">Dimensioni: 5,2 x 6</subfield>
    <subfield code="f">COLONNA</subfield>
    <subfield code="f">DONNA</subfield>
    <subfield code="f">FORTEZZA</subfield>
    <subfield code="f">FORTITUDOM</subfield>
    <subfield code="g">1550-1595</subfield>
  </datafield>
</record>
</collection>
